\begin{document}
@article{Procaccia_1,
author = "Ariel D. Procaccia",
title = "Can Approximation Circumvent Gibbard-Satterthwaite?",
journal="Association for the Advancement of Artificial Intelligence",
publisher = "Harvard SEAS",
year = "2010"
}

@article{Skowron,
author = {Matthias Benter and Piotr Skowron},
title = "Comparing Election Methods Where Each Voter Ranks Only Few Candidates",
journal="Association for the Advancement of Artificial Intelligence",
year = "2020"
}

@book{Veselova,
author = {Yuliya A. Veselova},
title = "Does Incomplete Information Reduce Manipulability?",
year ="2020",
month = "June",
publisher = "Springer",
volume ="29"
}

@unpublished{Ayadi,
title="Approximating Voting Rules from Truncated Ballots",
Author ={Manel Ayadi and Nahla Ben Amor and Jerome Lang},
year = "2020"
}

@techreport{BRICS,
title="Balls and Bins: A Study in Negative Dependence",
year="1996",
Author={Devdatt Dubhashi and Desh Ranjan},
institution="University of Aarhus, Department of Computer Science",
}


@article{Satterthwaite,
author = {Mark Allen Satterthwaite},
title = "Strategy-Proofness and Arrow's Conditions: Existence and Correspondence Theorems for Voting Procedures and Social Welfare Functions",
journal="Journal of Economic Theory",
volume =10,
year = "1975",
pages = {187-217}
}

\end{document}